@inproceedings{zellers2018neural,
  title={Neural motifs: Scene graph parsing with global context},
  author={Zellers, Rowan and Yatskar, Mark and Thomson, Sam and Choi, Yejin},
  booktitle={Proceedings of the IEEE Conference on Computer Vision and Pattern Recognition},
  pages={5831--5840},
  year={2018}
}

@inproceedings{dornadula2019visual,
  title={Visual Relationships as Functions: Enabling Few-Shot Scene Graph Prediction},
  author={Dornadula, Apoorva and Narcomey, Austin and Krishna, Ranjay and Bernstein, Michael and Fei-Fei, Li},
  booktitle={ArXiv},
  year={2019}
}

@article{cangea2019videonavqa,
  title="{VideoNavQA: Bridging the Gap between Visual and Embodied Question Answering}",
  author={Cangea, C{\u{a}}t{\u{a}}lina and Belilovsky, Eugene and Li{\`o}, Pietro and Courville, Aaron},
  journal={arXiv preprint arXiv:1908.04950},
  year={2019}
}


@article{anand2018blindfold,
  title={Blindfold baselines for embodied {QA}},
  author={Anand, Ankesh and Belilovsky, Eugene and Kastner, Kyle and Larochelle, Hugo and Courville, Aaron},
  journal={arXiv preprint arXiv:1811.05013},
  year={2018}
}
@inproceedings{jabri2016revisiting,
  title={Revisiting visual question answering baselines},
  author={Jabri, Allan and Joulin, Armand and Van Der Maaten, Laurens},
  booktitle={European conference on computer vision},
  pages={727--739},
  year={2016},
  organization={Springer}
}
@incollection{NSM2019,
title = {Learning by Abstraction: The Neural State Machine},
author = {Hudson, Drew and Manning, Christopher D},
booktitle = {Advances in Neural Information Processing Systems 32},
editor = {H. Wallach and H. Larochelle and A. Beygelzimer and F. d'Alch\'{e}-Buc and E. Fox and R. Garnett},
pages = {5903--5916},
year = {2019},
publisher = {Curran Associates, Inc.},
url = {http://papers.nips.cc/paper/8825-learning-by-abstraction-the-neural-state-machine.pdf}
}

@inproceedings{hudson2019gqa,
  title={Gqa: A new dataset for real-world visual reasoning and compositional question answering},
  author={Hudson, Drew A and Manning, Christopher D},
  booktitle={Proceedings of the IEEE Conference on Computer Vision and Pattern Recognition},
  pages={6700--6709},
  year={2019}
}
@article{kiros2014unifying,
  title={Unifying visual-semantic embeddings with multimodal neural language models},
  author={Kiros, Ryan and Salakhutdinov, Ruslan and Zemel, Richard S},
  journal={arXiv preprint arXiv:1411.2539},
  year={2014}
}
@inproceedings{antol2015vqa,
  title={{VQA}: Visual question answering},
  author={Antol, Stanislaw and Agrawal, Aishwarya and Lu, Jiasen and Mitchell, Margaret and Batra, Dhruv and Lawrence Zitnick, C and Parikh, Devi},
  booktitle={Proceedings of the IEEE international conference on computer vision},
  pages={2425--2433},
  year={2015}
}
@article{belilovsky2017joint,
  title={Joint embeddings of scene graphs and images},
  author={Belilovsky, Eugene and Blaschko, Matthew and Kiros, Jamie and Urtasun, Raquel and Zemel, Richard},
  booktitle={International Conference on Representation Learning - Workshop Track},
  year={2017}
}
@article{Krishna_2017,
   title={Visual Genome: Connecting Language and Vision Using Crowdsourced Dense Image Annotations},
   volume={123},
   ISSN={1573-1405},
   url={http://dx.doi.org/10.1007/s11263-016-0981-7},
   DOI={10.1007/s11263-016-0981-7},
   number={1},
   journal={International Journal of Computer Vision},
   publisher={Springer Science and Business Media LLC},
   author={Krishna, Ranjay and Zhu, Yuke and Groth, Oliver and Johnson, Justin and Hata, Kenji and Kravitz, Joshua and Chen, Stephanie and Kalantidis, Yannis and Li, Li-Jia and Shamma, David A. and et al.},
   year={2017},
   month={Feb},
   pages={32â€“73}
}

@inproceedings{johnson2015image,
  title={Image retrieval using scene graphs},
  author={Johnson, Justin and Krishna, Ranjay and Stark, Michael and Li, Li-Jia and Shamma, David and Bernstein, Michael and Fei-Fei, Li},
  booktitle={Proceedings of the IEEE conference on computer vision and pattern recognition},
  pages={3668--3678},
  year={2015}
}
@inproceedings{xu2017scene,
	title={Scene graph generation by iterative message passing},
	author={Xu, Danfei and Zhu, Yuke and Choy, Christopher B and Fei-Fei, Li},
	booktitle={Proceedings of the IEEE Conference on Computer Vision and Pattern Recognition},
	pages={5410--5419},
	year={2017}
}

@inproceedings{zhang2017visual,
  title={Visual translation embedding network for visual relation detection},
  author={Zhang, Hanwang and Kyaw, Zawlin and Chang, Shih-Fu and Chua, Tat-Seng},
  booktitle={Proceedings of the IEEE conference on computer vision and pattern recognition},
  pages={5532--5540},
  year={2017}
}

@article{wang2019generating,
  title={Generating expensive relationship features from cheap objects},
  author={Wang, Xiaogang and Sun, Qianru and ANG, Marcelo and CHUA, Tat-Seng},
  year={2019}
}

@inproceedings{yang2018shuffle,
  title={Shuffle-then-assemble: Learning object-agnostic visual relationship features},
  author={Yang, Xu and Zhang, Hanwang and Cai, Jianfei},
  booktitle={Proceedings of the European Conference on Computer Vision (ECCV)},
  pages={36--52},
  year={2018}
}

@inproceedings{li2019towards,
  title={Towards explaining the regularization effect of initial large learning rate in training neural networks},
  author={Li, Yuanzhi and Wei, Colin and Ma, Tengyu},
  booktitle={Advances in Neural Information Processing Systems},
  pages={11669--11680},
  year={2019}
}

@article{smith2017don,
  title={Don't decay the learning rate, increase the batch size},
  author={Smith, Samuel L and Kindermans, Pieter-Jan and Ying, Chris and Le, Quoc V},
  journal={arXiv preprint arXiv:1711.00489},
  year={2017}
}

@inproceedings{dai2017detecting,
  title={Detecting visual relationships with deep relational networks},
  author={Dai, Bo and Zhang, Yuqi and Lin, Dahua},
  booktitle={Proceedings of the IEEE conference on computer vision and Pattern recognition},
  pages={3076--3086},
  year={2017}
}

@inproceedings{hu2019language,
  title={Language-conditioned graph networks for relational reasoning},
  author={Hu, Ronghang and Rohrbach, Anna and Darrell, Trevor and Saenko, Kate},
  booktitle={Proceedings of the IEEE International Conference on Computer Vision},
  pages={10294--10303},
  year={2019}
}

@inproceedings{newell2017pixels,
  title={Pixels to graphs by associative embedding},
  author={Newell, Alejandro and Deng, Jia},
  booktitle={Advances in neural information processing systems},
  pages={2171--2180},
  year={2017}
}

@inproceedings{sarullo2019class,
  title={On Class Imbalance and Background Filtering in Visual Relationship Detection},
  author={Sarullo, Alessio and Mu, Tingting},
  booktitle={2019 International Joint Conference on Neural Networks (IJCNN)},
  pages={1--8},
  year={2019},
  organization={IEEE}
}

@inproceedings{zhang2019graphical,
  title={Graphical contrastive losses for scene graph parsing},
  author={Zhang, Ji and Shih, Kevin J and Elgammal, Ahmed and Tao, Andrew and Catanzaro, Bryan},
  booktitle={Proceedings of the IEEE Conference on Computer Vision and Pattern Recognition},
  pages={11535--11543},
  year={2019}
}

@inproceedings{beckham2019adversarial,
  title={On Adversarial Mixup Resynthesis},
  author={Beckham, Christopher and Honari, Sina and Verma, Vikas and Lamb, Alex M and Ghadiri, Farnoosh and Hjelm, R Devon and Bengio, Yoshua and Pal, Chris},
  booktitle={Advances in Neural Information Processing Systems},
  pages={4348--4359},
  year={2019}
}

@inproceedings{chen2019scene,
  title={Scene graph prediction with limited labels},
  author={Chen, Vincent S and Varma, Paroma and Krishna, Ranjay and Bernstein, Michael and Re, Christopher and Fei-Fei, Li},
  booktitle={Proceedings of the IEEE International Conference on Computer Vision},
  pages={2580--2590},
  year={2019}
}

@inproceedings{chen2019knowledge,
  title={Knowledge-embedded routing network for scene graph generation},
  author={Chen, Tianshui and Yu, Weihao and Chen, Riquan and Lin, Liang},
  booktitle={Proceedings of the IEEE Conference on Computer Vision and Pattern Recognition},
  pages={6163--6171},
  year={2019}
}


@inproceedings{tang2020unbiased,
  title={Unbiased Scene Graph Generation from Biased Training},
  author={Tang, Kaihua and Niu, Yulei and Huang, Jianqiang and Shi, Jiaxin and Zhang, Hanwang},
  booktitle={Proceedings of the IEEE Conference on Computer Vision and Pattern Recognition},
  year={2020}
}

@misc{tang2020github,
  title={Scene Graph Benchmark in Pytorch},
  author={Tang, Kaihua},
  url={https://github.com/KaihuaTang/Scene-Graph-Benchmark.pytorch/blob/master/METRICS.md#topk-accuracy-ak},
  year={2020}
}

@article{zhang2019empirical,
  title={An empirical study on leveraging scene graphs for visual question answering},
  author={Zhang, Cheng and Chao, Wei-Lun and Xuan, Dong},
  journal={arXiv preprint arXiv:1907.12133},
  year={2019}
}

@inproceedings{norcliffe2018learning,
  title={Learning conditioned graph structures for interpretable visual question answering},
  author={Norcliffe-Brown, Will and Vafeias, Stathis and Parisot, Sarah},
  booktitle={Advances in Neural Information Processing Systems},
  pages={8334--8343},
  year={2018}
}

@article{su2019vl,
  title={Vl-bert: Pre-training of generic visual-linguistic representations},
  author={Su, Weijie and Zhu, Xizhou and Cao, Yue and Li, Bin and Lu, Lewei and Wei, Furu and Dai, Jifeng},
  journal={arXiv preprint arXiv:1908.08530},
  year={2019}
}

@article{zhou2019unified,
  title={Unified vision-language pre-training for image captioning and {VQA}},
  author={Zhou, Luowei and Palangi, Hamid and Zhang, Lei and Hu, Houdong and Corso, Jason J and Gao, Jianfeng},
  journal={arXiv preprint arXiv:1909.11059},
  year={2019}
}

@inproceedings{yang2019auto,
  title={Auto-encoding scene graphs for image captioning},
  author={Yang, Xu and Tang, Kaihua and Zhang, Hanwang and Cai, Jianfei},
  booktitle={Proceedings of the IEEE Conference on Computer Vision and Pattern Recognition},
  pages={10685--10694},
  year={2019}
}

@inproceedings{gu2019unpaired,
  title={Unpaired image captioning via scene graph alignments},
  author={Gu, Jiuxiang and Joty, Shafiq and Cai, Jianfei and Zhao, Handong and Yang, Xu and Wang, Gang},
  booktitle={Proceedings of the IEEE International Conference on Computer Vision},
  pages={10323--10332},
  year={2019}
}

@inproceedings{johnson2018image,
  title={Image generation from scene graphs},
  author={Johnson, Justin and Gupta, Agrim and Fei-Fei, Li},
  booktitle={Proceedings of the IEEE conference on computer vision and pattern recognition},
  pages={1219--1228},
  year={2018}
}

@inproceedings{lu2016visual,
  title={Visual relationship detection with language priors},
  author={Lu, Cewu and Krishna, Ranjay and Bernstein, Michael and Fei-Fei, Li},
  booktitle={European conference on computer vision},
  pages={852--869},
  year={2016},
  organization={Springer}
}

@inproceedings{sadeghi2011recognition,
  title={Recognition using visual phrases},
  author={Sadeghi, Mohammad Amin and Farhadi, Ali},
  booktitle={CVPR 2011},
  pages={1745--1752},
  year={2011},
  organization={IEEE}
}

@article{lampert2013attribute,
  title={Attribute-based classification for zero-shot visual object categorization},
  author={Lampert, Christoph H and Nickisch, Hannes and Harmeling, Stefan},
  journal={IEEE transactions on pattern analysis and machine intelligence},
  volume={36},
  number={3},
  pages={453--465},
  year={2013},
  publisher={IEEE}
}

@inproceedings{frome2013devise,
  title={Devise: A deep visual-semantic embedding model},
  author={Frome, Andrea and Corrado, Greg S and Shlens, Jon and Bengio, Samy and Dean, Jeff and Ranzato, Marc'Aurelio and Mikolov, Tomas},
  booktitle={Advances in neural information processing systems},
  pages={2121--2129},
  year={2013}
}

@inproceedings{peyre2017weakly,
  title={Weakly-supervised learning of visual relations},
  author={Peyre, Julia and Sivic, Josef and Laptev, Ivan and Schmid, Cordelia},
  booktitle={Proceedings of the IEEE International Conference on Computer Vision},
  pages={5179--5188},
  year={2017}
}

@inproceedings{xian2016latent,
  title={Latent embeddings for zero-shot classification},
  author={Xian, Yongqin and Akata, Zeynep and Sharma, Gaurav and Nguyen, Quynh and Hein, Matthias and Schiele, Bernt},
  booktitle={Proceedings of the IEEE Conference on Computer Vision and Pattern Recognition},
  pages={69--77},
  year={2016}
}

@inproceedings{lin2017focal,
  title={Focal loss for dense object detection},
  author={Lin, Tsung-Yi and Goyal, Priya and Girshick, Ross and He, Kaiming and Doll{\'a}r, Piotr},
  booktitle={Proceedings of the IEEE international conference on computer vision},
  pages={2980--2988},
  year={2017}
}

@inproceedings{yang2018graph,
  title={Graph r-cnn for scene graph generation},
  author={Yang, Jianwei and Lu, Jiasen and Lee, Stefan and Batra, Dhruv and Parikh, Devi},
  booktitle={Proceedings of the European conference on computer vision (ECCV)},
  pages={670--685},
  year={2018}
}

@inproceedings{ren2015faster,
  title={Faster r-cnn: Towards real-time object detection with region proposal networks},
  author={Ren, Shaoqing and He, Kaiming and Girshick, Ross and Sun, Jian},
  booktitle={Advances in neural information processing systems},
  pages={91--99},
  year={2015}
}

@inproceedings{he2017mask,
  title={Mask r-cnn},
  author={He, Kaiming and Gkioxari, Georgia and Doll{\'a}r, Piotr and Girshick, Ross},
  booktitle={Proceedings of the IEEE international conference on computer vision},
  pages={2961--2969},
  year={2017}
}

@misc{hill2019environmental,
    title={Environmental drivers of systematicity and generalization in a situated agent},
    author={Felix Hill and Andrew Lampinen and Rosalia Schneider and Stephen Clark and Matthew Botvinick and James L. McClelland and Adam Santoro},
    year={2019},
    eprint={1910.00571},
    archivePrefix={arXiv},
    primaryClass={cs.AI}
}

@inproceedings{tang2019learning,
  title={Learning to compose dynamic tree structures for visual contexts},
  author={Tang, Kaihua and Zhang, Hanwang and Wu, Baoyuan and Luo, Wenhan and Liu, Wei},
  booktitle={Proceedings of the IEEE Conference on Computer Vision and Pattern Recognition},
  pages={6619--6628},
  year={2019}
}

@inproceedings{zhang2019large,
  title={Large-scale visual relationship understanding},
  author={Zhang, Ji and Kalantidis, Yannis and Rohrbach, Marcus and Paluri, Manohar and Elgammal, Ahmed and Elhoseiny, Mohamed},
  booktitle={Proceedings of the AAAI Conference on Artificial Intelligence},
  volume={33},
  pages={9185--9194},
  year={2019}
}

@article{cong2018scene,
  title={Scene graph generation via conditional random fields},
  author={Cong, Weilin and Wang, William and Lee, Wang-Chien},
  journal={arXiv preprint arXiv:1811.08075},
  year={2018}
}

@article{bahdanau2018systematic,
  title={Systematic generalization: what is required and can it be learned?},
  author={Bahdanau, Dzmitry and Murty, Shikhar and Noukhovitch, Michael and Nguyen, Thien Huu and de Vries, Harm and Courville, Aaron},
  journal={arXiv preprint arXiv:1811.12889},
  year={2018}
}

@article{rong2019truly,
  title={The truly deep graph convolutional networks for node classification},
  author={Rong, Yu and Huang, Wenbing and Xu, Tingyang and Huang, Junzhou},
  journal={arXiv preprint arXiv:1907.10903},
  year={2019}
}

@article{velivckovic2017graph,
  title={Graph attention networks},
  author={Veli{\v{c}}kovi{\'c}, Petar and Cucurull, Guillem and Casanova, Arantxa and Romero, Adriana and Lio, Pietro and Bengio, Yoshua},
  journal={arXiv preprint arXiv:1710.10903},
  year={2017}
}

@article{vedantam2019probabilistic,
  title={Probabilistic neural-symbolic models for interpretable visual question answering},
  author={Vedantam, Ramakrishna and Desai, Karan and Lee, Stefan and Rohrbach, Marcus and Batra, Dhruv and Parikh, Devi},
  journal={arXiv preprint arXiv:1902.07864},
  year={2019}
}
