@inproceedings{andrychowicz2016learning,
  title={Learning to learn by gradient descent by gradient descent},
  author={Andrychowicz, Marcin and Denil, Misha and Gomez, Sergio and Hoffman, Matthew W and Pfau, David and Schaul, Tom and Shillingford, Brendan and De Freitas, Nando},
  booktitle={Advances in neural information processing systems},
  pages={3981--3989},
  year={2016}
}

@article{ravi2016optimization,
  title={Optimization as a model for few-shot learning},
  author={Ravi, Sachin and Larochelle, Hugo},
  year={2016}
}

@article{liu2019knowledge,
  title={Knowledge flow: Improve upon your teachers},
  author={Liu, Iou-Jen and Peng, Jian and Schwing, Alexander G},
  journal={arXiv preprint arXiv:1904.05878},
  year={2019}
}

@article{yao2020automated,
  title={Automated Relational Meta-learning},
  author={Yao, Huaxiu and Wu, Xian and Tao, Zhiqiang and Li, Yaliang and Ding, Bolin and Li, Ruirui and Li, Zhenhui},
  journal={arXiv preprint arXiv:2001.00745},
  year={2020}
}

@article{hospedales2020meta,
  title={Meta-learning in neural networks: A survey},
  author={Hospedales, Timothy and Antoniou, Antreas and Micaelli, Paul and Storkey, Amos},
  journal={arXiv preprint arXiv:2004.05439},
  year={2020}
}

@article{li2017hyperband,
  title={Hyperband: A novel bandit-based approach to hyperparameter optimization},
  author={Li, Lisha and Jamieson, Kevin and DeSalvo, Giulia and Rostamizadeh, Afshin and Talwalkar, Ameet},
  journal={The Journal of Machine Learning Research},
  volume={18},
  number={1},
  pages={6765--6816},
  year={2017},
  publisher={JMLR. org}
}

@inproceedings{zoph2018learning,
  title={Learning transferable architectures for scalable image recognition},
  author={Zoph, Barret and Vasudevan, Vijay and Shlens, Jonathon and Le, Quoc V},
  booktitle={Proceedings of the IEEE conference on computer vision and pattern recognition},
  pages={8697--8710},
  year={2018}
}

@article{zoph2016neural,
  title={Neural architecture search with reinforcement learning},
  author={Zoph, Barret and Le, Quoc V},
  journal={arXiv preprint arXiv:1611.01578},
  year={2016}
}

@article{real2017large,
  title={Large-scale evolution of image classifiers},
  author={Real, Esteban and Moore, Sherry and Selle, Andrew and Saxena, Saurabh and Suematsu, Yutaka Leon and Tan, Jie and Le, Quoc and Kurakin, Alex},
  journal={arXiv preprint arXiv:1703.01041},
  year={2017}
}

@article{romero2016diet,
  title={Diet networks: thin parameters for fat genomics},
  author={Romero, Adriana and Carrier, Pierre Luc and Erraqabi, Akram and Sylvain, Tristan and Auvolat, Alex and Dejoie, Etienne and Legault, Marc-Andre and Dube, Marie-Pierre and Hussin, Julie G and Bengio, Yoshua},
  journal={arXiv preprint arXiv:1611.09340},
  year={2016}
}

@inproceedings{gidaris2019generating,
  title={Generating classification weights with gnn denoising autoencoders for few-shot learning},
  author={Gidaris, Spyros and Komodakis, Nikos},
  booktitle={Proceedings of the IEEE Conference on Computer Vision and Pattern Recognition},
  pages={21--30},
  year={2019}
}

@article{chen2018fastgcn,
  title={Fastgcn: fast learning with graph convolutional networks via importance sampling},
  author={Chen, Jie and Ma, Tengfei and Xiao, Cao},
  journal={arXiv preprint arXiv:1801.10247},
  year={2018}
}

@inproceedings{finn2017model,
  title={Model-agnostic meta-learning for fast adaptation of deep networks},
  author={Finn, Chelsea and Abbeel, Pieter and Levine, Sergey},
  booktitle={Proceedings of the 34th International Conference on Machine Learning-Volume 70},
  pages={1126--1135},
  year={2017},
  organization={JMLR. org}
}

@inproceedings{lian2020towards,
  title={Towards Fast Adaptation of Neural Architectures with Meta Learning},
  author={Dongze Lian and Yin Zheng and Yintao Xu and Yanxiong Lu and Leyu Lin and Peilin Zhao and Junzhou Huang and Shenghua Gao},
  booktitle={ICLR},
  year={2020},
  organization={JMLR. org}
}


@article{guo2019new,
  title={A New Benchmark for Evaluation of Cross-Domain Few-Shot Learning},
  author={Guo, Yunhui and Codella, Noel CF and Karlinsky, Leonid and Smith, John R and Rosing, Tajana and Feris, Rogerio},
  journal={arXiv preprint arXiv:1912.07200},
  year={2019}
}

@article{tseng2020cross,
  title={Cross-Domain Few-Shot Classification via Learned Feature-Wise Transformation},
  author={Tseng, Hung-Yu and Lee, Hsin-Ying and Huang, Jia-Bin and Yang, Ming-Hsuan},
  journal={arXiv preprint arXiv:2001.08735},
  year={2020}
}

@article{chen2019closer,
  title={A closer look at few-shot classification},
  author={Chen, Wei-Yu and Liu, Yen-Cheng and Kira, Zsolt and Wang, Yu-Chiang Frank and Huang, Jia-Bin},
  journal={arXiv preprint arXiv:1904.04232},
  year={2019}
}

@article{wen2019neural,
  title={Neural Predictor for Neural Architecture Search},
  author={Wen, Wei and Liu, Hanxiao and Li, Hai and Chen, Yiran and Bender, Gabriel and Kindermans, Pieter-Jan},
  journal={arXiv preprint arXiv:1912.00848},
  year={2019}
}

@article{brock2017smash,
  title={Smash: one-shot model architecture search through hypernetworks},
  author={Brock, Andrew and Lim, Theodore and Ritchie, James M and Weston, Nick},
  journal={arXiv preprint arXiv:1708.05344},
  year={2017}
}


@article{yu2020bignas,
  title={BigNAS: Scaling Up Neural Architecture Search with Big Single-Stage Models},
  author={Yu, Jiahui and Jin, Pengchong and Liu, Hanxiao and Bender, Gabriel and Kindermans, Pieter-Jan and Tan, Mingxing and Huang, Thomas and Song, Xiaodan and Pang, Ruoming and Le, Quoc},
  journal={arXiv preprint arXiv:2003.11142},
  year={2020}
}

@article{lu2020neural,
  title={Neural Architecture Transfer},
  author={Lu, Zhichao and Sreekumar, Gautam and Goodman, Erik and Banzhaf, Wolfgang and Deb, Kalyanmoy and Boddeti, Vishnu Naresh},
  journal={arXiv preprint arXiv:2005.05859},
  year={2020}
}

@article{wei2020npenas,
  title={NPENAS: Neural Predictor Guided Evolution for Neural Architecture Search},
  author={Wei, Chen and Niu, Chuang and Tang, Yiping and Liang, Jimin},
  journal={arXiv preprint arXiv:2003.12857},
  year={2020}
}

@article{li2019random,
  title={Random search and reproducibility for neural architecture search},
  author={Li, Liam and Talwalkar, Ameet},
  journal={arXiv preprint arXiv:1902.07638},
  year={2019}
}

@article{von2019continual,
  title={Continual learning with hypernetworks},
  author={von Oswald, Johannes and Henning, Christian and Sacramento, Joao and Grewe, Benjamin F},
  journal={arXiv preprint arXiv:1906.00695},
  year={2019}
}

@INCOLLECTION{Denil2013-la,
  title     = "Predicting Parameters in Deep Learning",
  booktitle = "Advances in Neural Information Processing Systems 26",
  author    = "Denil, Misha and Shakibi, Babak and Dinh, Laurent and Ranzato,
               Marc'Aurelio and de Freitas, Nando",
  editor    = "Burges, C J C and Bottou, L and Welling, M and Ghahramani, Z and
               Weinberger, K Q",
  publisher = "Curran Associates, Inc.",
  pages     = "2148--2156",
  year      =  2013
}


@inproceedings{chang2019principled,
  title={Principled weight initialization for hypernetworks},
  author={Chang, Oscar and Flokas, Lampros and Lipson, Hod},
  booktitle={International Conference on Learning Representations},
  year={2019}
}

@article{kolesnikov2019big,
  title={Big transfer (BiT): General visual representation learning},
  author={Kolesnikov, Alexander and Beyer, Lucas and Zhai, Xiaohua and Puigcerver, Joan and Yung, Jessica and Gelly, Sylvain and Houlsby, Neil},
  journal={arXiv preprint arXiv:1912.11370},
  year={2019}
}

@article{zhai2019visual,
  title={The visual task adaptation benchmark},
  author={Zhai, Xiaohua and Puigcerver, Joan and Kolesnikov, Alexander and Ruyssen, Pierre and Riquelme, Carlos and Lucic, Mario and Djolonga, Josip and Pinto, Andre Susano and Neumann, Maxim and Dosovitskiy, Alexey and others},
  journal={arXiv preprint arXiv:1910.04867},
  year={2019}
}

@article{lecun2015deep,
  title={Deep learning},
  author={LeCun, Yann and Bengio, Yoshua and Hinton, Geoffrey},
  journal={nature},
  volume={521},
  number={7553},
  pages={436--444},
  year={2015},
  publisher={Nature Publishing Group}
}

@inproceedings{szegedy2015going,
  title={Going deeper with convolutions},
  author={Szegedy, Christian and Liu, Wei and Jia, Yangqing and Sermanet, Pierre and Reed, Scott and Anguelov, Dragomir and Erhan, Dumitru and Vanhoucke, Vincent and Rabinovich, Andrew},
  booktitle={Proceedings of the IEEE conference on computer vision and pattern recognition},
  pages={1--9},
  year={2015}
}

@article{howard2017mobilenets,
  title={Mobilenets: Efficient convolutional neural networks for mobile vision applications},
  author={Howard, Andrew G and Zhu, Menglong and Chen, Bo and Kalenichenko, Dmitry and Wang, Weijun and Weyand, Tobias and Andreetto, Marco and Adam, Hartwig},
  journal={arXiv preprint arXiv:1704.04861},
  year={2017}
}

@inproceedings{he2016deep,
  title={Deep residual learning for image recognition},
  author={He, Kaiming and Zhang, Xiangyu and Ren, Shaoqing and Sun, Jian},
  booktitle={Proceedings of the IEEE conference on computer vision and pattern recognition},
  pages={770--778},
  year={2016}
}

@inproceedings{xie2017aggregated,
  title={Aggregated residual transformations for deep neural networks},
  author={Xie, Saining and Girshick, Ross and Dollar, Piotr and Tu, Zhuowen and He, Kaiming},
  booktitle={Proceedings of the IEEE conference on computer vision and pattern recognition},
  pages={1492--1500},
  year={2017}
}

@inproceedings{huang2017densely,
  title={Densely connected convolutional networks},
  author={Huang, Gao and Liu, Zhuang and Van Der Maaten, Laurens and Weinberger, Kilian Q},
  booktitle={Proceedings of the IEEE conference on computer vision and pattern recognition},
  pages={4700--4708},
  year={2017}
}

@article{metz2020tasks,
  title={Tasks, stability, architecture, and compute: Training more effective learned optimizers, and using them to train themselves},
  author={Metz, Luke and Maheswaranathan, Niru and Freeman, C Daniel and Poole, Ben and Sohl-Dickstein, Jascha},
  journal={arXiv preprint arXiv:2009.11243},
  year={2020}
}

@article{michalski2019empirical,
  title={An Empirical Study of Batch Normalization and Group Normalization in Conditional Computation},
  author={Michalski, Vincent and Voleti, Vikram and Kahou, Samira Ebrahimi and Ortiz, Anthony and Vincent, Pascal and Pal, Chris and Precup, Doina},
  journal={arXiv preprint arXiv:1908.00061},
  year={2019}
}

@article{yang2019mean,
  title={A mean field theory of batch normalization},
  author={Yang, Greg and Pennington, Jeffrey and Rao, Vinay and Sohl-Dickstein, Jascha and Schoenholz, Samuel S},
  journal={arXiv preprint arXiv:1902.08129},
  year={2019}
}

@article{galloway2019batch,
  title={Batch normalization is a cause of adversarial vulnerability},
  author={Galloway, Angus and Golubeva, Anna and Tanay, Thomas and Moussa, Medhat and Taylor, Graham W},
  journal={arXiv preprint arXiv:1905.02161},
  year={2019}
}

@article{qiao2019weight,
  title={Weight standardization},
  author={Qiao, Siyuan and Wang, Huiyu and Liu, Chenxi and Shen, Wei and Yuille, Alan},
  journal={arXiv preprint arXiv:1903.10520},
  year={2019}
}

@article{qiao2019micro,
  title={Micro-Batch Training with Batch-Channel Normalization and Weight Standardization},
  author={Qiao, Siyuan and Wang, Huiyu and Liu, Chenxi and Shen, Wei and Yuille, Alan},
  journal={arXiv preprint arXiv:1903.10520},
  year={2019}
}

@inproceedings{bender2018understanding,
  title={Understanding and simplifying one-shot architecture search},
  author={Bender, Gabriel and Kindermans, Pieter-Jan and Zoph, Barret and Vasudevan, Vijay and Le, Quoc},
  booktitle={International Conference on Machine Learning},
  pages={550--559},
  year={2018}
}

@misc{you2020graph,
    title={Graph Structure of Neural Networks},
    author={Jiaxuan You and Jure Leskovec and Kaiming He and Saining Xie},
    year={2020},
    eprint={2007.06559},
    archivePrefix={arXiv},
    primaryClass={cs.LG}
}

@article{vargas2019evolving,
  title={Evolving Robust Neural Architectures to Defend from Adversarial Attacks},
  author={Vargas, Danilo Vasconcellos and Kotyan, Shashank},
  journal={arXiv preprint arXiv:1906.11667},
  year={2019}
}

@misc{salimans2016weight,
    title={Weight Normalization: A Simple Reparameterization to Accelerate Training of Deep Neural Networks},
    author={Tim Salimans and Diederik P. Kingma},
    year={2016},
    eprint={1602.07868},
    archivePrefix={arXiv},
    primaryClass={cs.LG}
}

@inproceedings{chen2019detnas,
  title={DetNAS: Backbone search for object detection},
  author={Chen, Yukang and Yang, Tong and Zhang, Xiangyu and Meng, Gaofeng and Xiao, Xinyu and Sun, Jian},
  booktitle={Advances in Neural Information Processing Systems},
  pages={6642--6652},
  year={2019}
}


@inproceedings{liu2019auto,
  title={Auto-deeplab: Hierarchical neural architecture search for semantic image segmentation},
  author={Liu, Chenxi and Chen, Liang-Chieh and Schroff, Florian and Adam, Hartwig and Hua, Wei and Yuille, Alan L and Fei-Fei, Li},
  booktitle={Proceedings of the IEEE conference on computer vision and pattern recognition},
  pages={82--92},
  year={2019}
}

@inproceedings{wu2018group,
  title={Group normalization},
  author={Wu, Yuxin and He, Kaiming},
  booktitle={Proceedings of the European conference on computer vision (ECCV)},
  pages={3--19},
  year={2018}
}

@misc{cai2019onceforall,
    title={Once-for-All: Train One Network and Specialize it for Efficient Deployment},
    author={Han Cai and Chuang Gan and Tianzhe Wang and Zhekai Zhang and Song Han},
    year={2019},
    eprint={1908.09791},
    archivePrefix={arXiv},
    primaryClass={cs.LG}
}


@article{liao2016bridging,
  title={Bridging the gaps between residual learning, recurrent neural networks and visual cortex},
  author={Liao, Qianli and Poggio, Tomaso},
  journal={arXiv preprint arXiv:1604.03640},
  year={2016}
}

@article{dwivedi2020benchmarking,
  title={Benchmarking graph neural networks},
  author={Dwivedi, Vijay Prakash and Joshi, Chaitanya K and Laurent, Thomas and Bengio, Yoshua and Bresson, Xavier},
  journal={arXiv preprint arXiv:2003.00982},
  year={2020}
}


@article{srivastava2014dropout,
  title={Dropout: a simple way to prevent neural networks from overfitting},
  author={Srivastava, Nitish and Hinton, Geoffrey and Krizhevsky, Alex and Sutskever, Ilya and Salakhutdinov, Ruslan},
  journal={The journal of machine learning research},
  volume={15},
  number={1},
  pages={1929--1958},
  year={2014},
  publisher={JMLR. org}
}

@inproceedings{krizhevsky2012imagenet,
  title={Imagenet classification with deep convolutional neural networks},
  author={Krizhevsky, Alex and Sutskever, Ilya and Hinton, Geoffrey E},
  booktitle={Advances in neural information processing systems},
  pages={1097--1105},
  year={2012}
}

@article{wadia2020whitening,
  title={Whitening and second order optimization both destroy information about the dataset, and can make generalization impossible},
  author={Wadia, Neha S and Duckworth, Daniel and Schoenholz, Samuel S and Dyer, Ethan and Sohl-Dickstein, Jascha},
  journal={arXiv preprint arXiv:2008.07545},
  year={2020}
}

@inproceedings{wilson2017marginal,
  title={The marginal value of adaptive gradient methods in machine learning},
  author={Wilson, Ashia C and Roelofs, Rebecca and Stern, Mitchell and Srebro, Nati and Recht, Benjamin},
  booktitle={Advances in neural information processing systems},
  pages={4148--4158},
  year={2017}
}

@article{reddi2019convergence,
  title={On the convergence of adam and beyond},
  author={Reddi, Sashank J and Kale, Satyen and Kumar, Sanjiv},
  journal={arXiv preprint arXiv:1904.09237},
  year={2019}
}

@inproceedings{ukai2018hypernetwork,
  title={Hypernetwork-based implicit posterior estimation and model averaging of cnn},
  author={Ukai, Kenya and Matsubara, Takashi and Uehara, Kuniaki},
  booktitle={Asian Conference on Machine Learning},
  pages={176--191},
  year={2018}
}

@article{panda2020nastransfer,
  title={Nastransfer: Analyzing architecture transferability in large scale neural architecture search},
  author={Panda, Rameswar and Merler, Michele and Jaiswal, Mayoore and Wu, Hui and Ramakrishnan, Kandan and Finkler, Ulrich and Chen, Chun-Fu and Cho, Minsik and Kung, David and Feris, Rogerio and others},
  journal={arXiv preprint arXiv:2006.13314},
  year={2020}
}


@inproceedings{elsken2020meta,
  title={Meta-Learning of Neural Architectures for Few-Shot Learning},
  author={Elsken, Thomas and Staffler, Benedikt and Metzen, Jan Hendrik and Hutter, Frank},
  booktitle={Proceedings of the IEEE/CVF Conference on Computer Vision and Pattern Recognition},
  pages={12365--12375},
  year={2020}
}

@article{chen2019progressive,
  title={Progressive darts: Bridging the optimization gap for nas in the wild},
  author={Chen, Xin and Xie, Lingxi and Wu, Jun and Tian, Qi},
  journal={arXiv preprint arXiv:1912.10952},
  year={2019}
}


@article{strubell2019energy,
  title={Energy and policy considerations for deep learning in NLP},
  author={Strubell, Emma and Ganesh, Ananya and McCallum, Andrew},
  journal={arXiv preprint arXiv:1906.02243},
  year={2019}
}

@article{thompson2020computational,
  title={The computational limits of deep learning},
  author={Thompson, Neil C and Greenewald, Kristjan and Lee, Keeheon and Manso, Gabriel F},
  journal={arXiv preprint arXiv:2007.05558},
  year={2020}
}

@article{pham2018efficient,
  title={Efficient neural architecture search via parameter sharing},
  author={Pham, Hieu and Guan, Melody Y and Zoph, Barret and Le, Quoc V and Dean, Jeff},
  journal={arXiv preprint arXiv:1802.03268},
  year={2018}
}

@article{zhang2019fixup,
  title={Fixup initialization: Residual learning without normalization},
  author={Zhang, Hongyi and Dauphin, Yann N and Ma, Tengyu},
  journal={arXiv preprint arXiv:1901.09321},
  year={2019}
}

@article{mishkin2015all,
  title={All you need is a good init},
  author={Mishkin, Dmytro and Matas, Jiri},
  journal={arXiv preprint arXiv:1511.06422},
  year={2015}
}


@inproceedings{kornblith2019better,
  title={Do better imagenet models transfer better?},
  author={Kornblith, Simon and Shlens, Jonathon and Le, Quoc V},
  booktitle={Proceedings of the IEEE conference on computer vision and pattern recognition},
  pages={2661--2671},
  year={2019}
}

@article{alon2020bottleneck,
  title={On the Bottleneck of Graph Neural Networks and its Practical Implications},
  author={Alon, Uri and Yahav, Eran},
  journal={arXiv preprint arXiv:2006.05205},
  year={2020}
}

@article{zhao2019pairnorm,
  title={Pairnorm: Tackling oversmoothing in gnns},
  author={Zhao, Lingxiao and Akoglu, Leman},
  journal={arXiv preprint arXiv:1909.12223},
  year={2019}
}

@article{li2015gated,
  title={Gated graph sequence neural networks},
  author={Li, Yujia and Tarlow, Daniel and Brockschmidt, Marc and Zemel, Richard},
  journal={arXiv preprint arXiv:1511.05493},
  year={2015}
}

@article{nt2019revisiting,
  title={Revisiting graph neural networks: All we have is low-pass filters},
  author={NT, Hoang and Maehara, Takanori},
  journal={arXiv preprint arXiv:1905.09550},
  year={2019}
}

@article{zhou2018graph,
  title={Graph neural networks: A review of methods and applications},
  author={Zhou, Jie and Cui, Ganqu and Zhang, Zhengyan and Yang, Cheng and Liu, Zhiyuan and Wang, Lifeng and Li, Changcheng and Sun, Maosong},
  journal={arXiv preprint arXiv:1812.08434},
  year={2018}
}

@article{lukovnikov2020improving,
  title={Improving the Long-Range Performance of Gated Graph Neural Networks},
  author={Lukovnikov, Denis and Lehmann, Jens and Fischer, Asja},
  journal={arXiv preprint arXiv:2007.09668},
  year={2020}
}

@inproceedings{li2019lgm,
  title={Lgm-net: Learning to generate matching networks for few-shot learning},
  author={Li, Huaiyu and Dong, Weiming and Mei, Xing and Ma, Chongyang and Huang, Feiyue and Hu, Bao-Gang},
  booktitle={International conference on machine learning},
  pages={3825--3834},
  year={2019},
  organization={PMLR}
}

@article{brock2021high,
  title={High-Performance Large-Scale Image Recognition Without Normalization},
  author={Brock, Andrew and De, Soham and Smith, Samuel L and Simonyan, Karen},
  journal={arXiv preprint arXiv:2102.06171},
  year={2021}
}

@inproceedings{huang2020improving,
  title={Improving transformer optimization through better initialization},
  author={Huang, Xiao Shi and Perez, Felipe and Ba, Jimmy and Volkovs, Maksims},
  booktitle={International Conference on Machine Learning},
  pages={4475--4483},
  year={2020},
  organization={PMLR}
}


@inproceedings{hu2018squeeze,
  title={Squeeze-and-excitation networks},
  author={Hu, Jie and Shen, Li and Sun, Gang},
  booktitle={Proceedings of the IEEE conference on computer vision and pattern recognition},
  pages={7132--7141},
  year={2018}
}

@article{dosovitskiy2020image,
  title={An image is worth 16x16 words: Transformers for image recognition at scale},
  author={Dosovitskiy, Alexey and Beyer, Lucas and Kolesnikov, Alexander and Weissenborn, Dirk and Zhai, Xiaohua and Unterthiner, Thomas and Dehghani, Mostafa and Minderer, Matthias and Heigold, Georg and Gelly, Sylvain and others},
  journal={arXiv preprint arXiv:2010.11929},
  year={2020}
}


@article{ba2016layer,
  title={Layer normalization},
  author={Ba, Jimmy Lei and Kiros, Jamie Ryan and Hinton, Geoffrey E},
  journal={arXiv preprint arXiv:1607.06450},
  year={2016}
}

@article{jaegle2021perceiver,
  title={Perceiver: General Perception with Iterative Attention},
  author={Jaegle, Andrew and Gimeno, Felix and Brock, Andrew and Zisserman, Andrew and Vinyals, Oriol and Carreira, Joao},
  journal={arXiv preprint arXiv:2103.03206},
  year={2021}
}

@inproceedings{yu2019dag,
  title={DAG-GNN: DAG structure learning with graph neural networks},
  author={Yu, Yue and Chen, Jie and Gao, Tian and Yu, Mo},
  booktitle={International Conference on Machine Learning},
  pages={7154--7163},
  year={2019},
  organization={PMLR}
}

@article{guo2020systematic,
  title={A systematic survey on deep generative models for graph generation},
  author={Guo, Xiaojie and Zhao, Liang},
  journal={arXiv preprint arXiv:2007.06686},
  year={2020}
}

@article{golubeva2020wider,
  title={Are wider nets better given the same number of parameters?},
  author={Golubeva, Anna and Neyshabur, Behnam and Gur-Ari, Guy},
  journal={arXiv preprint arXiv:2010.14495},
  year={2020}
}

@inproceedings{nguyen2017loss,
  title={The loss surface of deep and wide neural networks},
  author={Nguyen, Quynh and Hein, Matthias},
  booktitle={International conference on machine learning},
  pages={2603--2612},
  year={2017},
  organization={PMLR}
}

@article{lee2019wide,
  title={Wide neural networks of any depth evolve as linear models under gradient descent},
  author={Lee, Jaehoon and Xiao, Lechao and Schoenholz, Samuel S and Bahri, Yasaman and Novak, Roman and Sohl-Dickstein, Jascha and Pennington, Jeffrey},
  journal={arXiv preprint arXiv:1902.06720},
  year={2019}
}

@article{zagoruyko2016wide,
  title={Wide residual networks},
  author={Zagoruyko, Sergey and Komodakis, Nikos},
  journal={arXiv preprint arXiv:1605.07146},
  year={2016}
}

@article{srivastava2015training,
  title={Training very deep networks},
  author={Srivastava, Rupesh Kumar and Greff, Klaus and Schmidhuber, Jurgen},
  journal={arXiv preprint arXiv:1507.06228},
  year={2015}
}


@inproceedings{you2019position,
  title={Position-aware graph neural networks},
  author={You, Jiaxuan and Ying, Rex and Leskovec, Jure},
  booktitle={International Conference on Machine Learning},
  pages={7134--7143},
  year={2019},
  organization={PMLR}
}

@article{yang2021spagan,
  title={Spagan: Shortest path graph attention network},
  author={Yang, Yiding and Wang, Xinchao and Song, Mingli and Yuan, Junsong and Tao, Dacheng},
  journal={arXiv preprint arXiv:2101.03464},
  year={2021}
}

@inproceedings{el1996hierarchical,
  title={Hierarchical recurrent neural networks for long-term dependencies},
  author={El Hihi, Salah and Bengio, Yoshua},
  booktitle={Advances in neural information processing systems},
  pages={493--499},
  year={1996}
}

@article{pei2020geom,
  title={Geom-gcn: Geometric graph convolutional networks},
  author={Pei, Hongbin and Wei, Bingzhe and Chang, Kevin Chen-Chuan and Lei, Yu and Yang, Bo},
  journal={arXiv preprint arXiv:2002.05287},
  year={2020}
}

@article{liu2020non,
  title={Non-local graph neural networks},
  author={Liu, Meng and Wang, Zhengyang and Ji, Shuiwang},
  journal={arXiv preprint arXiv:2005.14612},
  year={2020}
}

@article{radiuk2017impact,
  title={Impact of training set batch size on the performance of convolutional neural networks for diverse datasets},
  author={Radiuk, Pavlo M},
  journal={Information Technology and Management Science},
  volume={20},
  number={1},
  pages={20--24},
  year={2017},
  publisher={De Gruyter Open}
}

@inproceedings{jin2019auto,
  title={Auto-keras: An efficient neural architecture search system},
  author={Jin, Haifeng and Song, Qingquan and Hu, Xia},
  booktitle={Proceedings of the 25th ACM SIGKDD International Conference on Knowledge Discovery \& Data Mining},
  pages={1946--1956},
  year={2019}
}

@article{schmidhubermetalearning,
  title={Metalearning Machines Learn to Learn (1987-)},
  author={Schmidhuber, Jurgen},
  year={2020},
  url={https://people.idsia.ch/~juergen/metalearning.html}
}

@article{requeima2019fast,
  title={Fast and flexible multi-task classification using conditional neural adaptive processes},
  author={Requeima, James and Gordon, Jonathan and Bronskill, John and Nowozin, Sebastian and Turner, Richard E},
  journal={arXiv preprint arXiv:1906.07697},
  year={2019}
}

@article{snell2017prototypical,
  title={Prototypical networks for few-shot learning},
  author={Snell, Jake and Swersky, Kevin and Zemel, Richard S},
  journal={arXiv preprint arXiv:1703.05175},
  year={2017}
}

@inproceedings{chen2020catch,
  title={Catch: Context-based meta reinforcement learning for transferrable architecture search},
  author={Chen, Xin and Duan, Yawen and Chen, Zewei and Xu, Hang and Chen, Zihao and Liang, Xiaodan and Zhang, Tong and Li, Zhenguo},
  booktitle={European Conference on Computer Vision},
  pages={185--202},
  year={2020},
  organization={Springer}
}

@article{nichol2018first,
  title={On first-order meta-learning algorithms},
  author={Nichol, Alex and Achiam, Joshua and Schulman, John},
  journal={arXiv preprint arXiv:1803.02999},
  year={2018}
}

@article{he2021automl,
  title={AutoML: A Survey of the State-of-the-Art},
  author={He, Xin and Zhao, Kaiyong and Chu, Xiaowen},
  journal={Knowledge-Based Systems},
  volume={212},
  pages={106622},
  year={2021},
  publisher={Elsevier}
}

@inproceedings{howard2019searching,
  title={Searching for mobilenetv3},
  author={Howard, Andrew and Sandler, Mark and Chu, Grace and Chen, Liang-Chieh and Chen, Bo and Tan, Mingxing and Wang, Weijun and Zhu, Yukun and Pang, Ruoming and Vasudevan, Vijay and others},
  booktitle={Proceedings of the IEEE/CVF International Conference on Computer Vision},
  pages={1314--1324},
  year={2019}
}

@inproceedings{radosavovic2020designing,
  title={Designing network design spaces},
  author={Radosavovic, Ilija and Kosaraju, Raj Prateek and Girshick, Ross and He, Kaiming and Dollar, Piotr},
  booktitle={Proceedings of the IEEE/CVF Conference on Computer Vision and Pattern Recognition},
  pages={10428--10436},
  year={2020}
}

@inproceedings{li2020random,
  title={Random search and reproducibility for neural architecture search},
  author={Li, Liam and Talwalkar, Ameet},
  booktitle={Uncertainty in Artificial Intelligence},
  pages={367--377},
  year={2020},
  organization={PMLR}
}

@article{yang2019evaluation,
  title={Nas evaluation is frustratingly hard},
  author={Yang, Antoine and Esperancca, Pedro M and Carlucci, Fabio M},
  journal={arXiv preprint arXiv:1912.12522},
  year={2019}
}

@article{ren2020comprehensive,
  title={A comprehensive survey of neural architecture search: Challenges and solutions},
  author={Ren, Pengzhen and Xiao, Yun and Chang, Xiaojun and Huang, Po-Yao and Li, Zhihui and Chen, Xiaojiang and Wang, Xin},
  journal={arXiv preprint arXiv:2006.02903},
  year={2020}
}

@article{brown2020language,
  title={Language models are few-shot learners},
  author={Brown, Tom B and Mann, Benjamin and Ryder, Nick and Subbiah, Melanie and Kaplan, Jared and Dhariwal, Prafulla and Neelakantan, Arvind and Shyam, Pranav and Sastry, Girish and Askell, Amanda and others},
  journal={arXiv preprint arXiv:2005.14165},
  year={2020}
}

@inproceedings{bai2019simgnn,
  title={Simgnn: A neural network approach to fast graph similarity computation},
  author={Bai, Yunsheng and Ding, Hao and Bian, Song and Chen, Ting and Sun, Yizhou and Wang, Wei},
  booktitle={Proceedings of the Twelfth ACM International Conference on Web Search and Data Mining},
  pages={384--392},
  year={2019}
}

@article{ma2021deep,
  title={Deep graph similarity learning: A survey},
  author={Ma, Guixiang and Ahmed, Nesreen K and Willke, Theodore L and Philip, S Yu},
  journal={Data Mining and Knowledge Discovery},
  pages={1--38},
  year={2021},
  publisher={Springer}
}

@article{zilly2019frechet,
  title={The Frechet Distance of training and test distribution predicts the generalization gap},
  author={Zilly, Julian and Zilly, Hannes and Richter, Oliver and Wattenhofer, Roger and Censi, Andrea and Frazzoli, Emilio},
  year={2019}
}


@article{dowson1982frechet,
  title={The Frechet distance between multivariate normal distributions},
  author={Dowson, DC and Landau, BV},
  journal={Journal of multivariate analysis},
  volume={12},
  number={3},
  pages={450--455},
  year={1982},
  publisher={Elsevier}
}

@inproceedings{wen2020neural,
  title={Neural predictor for neural architecture search},
  author={Wen, Wei and Liu, Hanxiao and Chen, Yiran and Li, Hai and Bender, Gabriel and Kindermans, Pieter-Jan},
  booktitle={European Conference on Computer Vision},
  pages={660--676},
  year={2020},
  organization={Springer}
}

@article{lukasik2020neural,
  title={Neural Architecture Performance Prediction Using Graph Neural Networks},
  author={Lukasik, Jovita and Friede, David and Stuckenschmidt, Heiner and Keuper, Margret},
  journal={arXiv preprint arXiv:2010.10024},
  year={2020}
}

@inproceedings{yang2020cars,
  title={Cars: Continuous evolution for efficient neural architecture search},
  author={Yang, Zhaohui and Wang, Yunhe and Chen, Xinghao and Shi, Boxin and Xu, Chao and Xu, Chunjing and Tian, Qi and Xu, Chang},
  booktitle={Proceedings of the IEEE/CVF Conference on Computer Vision and Pattern Recognition},
  pages={1829--1838},
  year={2020}
}

@article{baker2017accelerating,
  title={Accelerating neural architecture search using performance prediction},
  author={Baker, Bowen and Gupta, Otkrist and Raskar, Ramesh and Naik, Nikhil},
  journal={arXiv preprint arXiv:1705.10823},
  year={2017}
}

@inproceedings{liu2018progressive,
  title={Progressive neural architecture search},
  author={Liu, Chenxi and Zoph, Barret and Neumann, Maxim and Shlens, Jonathon and Hua, Wei and Li, Li-Jia and Fei-Fei, Li and Yuille, Alan and Huang, Jonathan and Murphy, Kevin},
  booktitle={Proceedings of the European conference on computer vision (ECCV)},
  pages={19--34},
  year={2018}
}

@inproceedings{he2020milenas,
  title={Milenas: Efficient neural architecture search via mixed-level reformulation},
  author={He, Chaoyang and Ye, Haishan and Shen, Li and Zhang, Tong},
  booktitle={Proceedings of the IEEE/CVF Conference on Computer Vision and Pattern Recognition},
  pages={11993--12002},
  year={2020}
}

@inproceedings{li2020sgas,
  title={Sgas: Sequential greedy architecture search},
  author={Li, Guohao and Qian, Guocheng and Delgadillo, Itzel C and Muller, Matthias and Thabet, Ali and Ghanem, Bernard},
  booktitle={Proceedings of the IEEE/CVF Conference on Computer Vision and Pattern Recognition},
  pages={1620--1630},
  year={2020}
}

@article{kriege2020survey,
  title={A survey on graph kernels},
  author={Kriege, Nils M and Johansson, Fredrik D and Morris, Christopher},
  journal={Applied Network Science},
  volume={5},
  number={1},
  pages={1--42},
  year={2020},
  publisher={SpringerOpen}
}

@inproceedings{li2019graph,
  title={Graph matching networks for learning the similarity of graph structured objects},
  author={Li, Yujia and Gu, Chenjie and Dullien, Thomas and Vinyals, Oriol and Kohli, Pushmeet},
  booktitle={International Conference on Machine Learning},
  pages={3835--3845},
  year={2019},
  organization={PMLR}
}

@inproceedings{real2019regularized,
  title={Regularized evolution for image classifier architecture search},
  author={Real, Esteban and Aggarwal, Alok and Huang, Yanping and Le, Quoc V},
  booktitle={Proceedings of the aaai conference on artificial intelligence},
  volume={33},
  number={01},
  pages={4780--4789},
  year={2019}
}

@article{brock2021characterizing,
  title={Characterizing signal propagation to close the performance gap in unnormalized ResNets},
  author={Brock, Andrew and De, Soham and Smith, Samuel L},
  journal={arXiv preprint arXiv:2101.08692},
  year={2021}
}

@misc{hooker2020hardware,
    title={The Hardware Lottery},
    author={Sara Hooker},
    year={2020},
    eprint={2009.06489},
    archivePrefix={arXiv},
    primaryClass={cs.CY}
}

@article{you2020design,
  title={Design space for graph neural networks},
  author={You, Jiaxuan and Ying, Zhitao and Leskovec, Jure},
  journal={Advances in Neural Information Processing Systems},
  volume={33},
  year={2020}
}

@article{ruder2016overview,
  title={An overview of gradient descent optimization algorithms},
  author={Ruder, Sebastian},
  journal={arXiv preprint arXiv:1609.04747},
  year={2016}
}

@article{barrat2004architecture,
  title={The architecture of complex weighted networks},
  author={Barrat, Alain and Barthelemy, Marc and Pastor-Satorras, Romualdo and Vespignani, Alessandro},
  journal={Proceedings of the national academy of sciences},
  volume={101},
  number={11},
  pages={3747--3752},
  year={2004},
  publisher={National Acad Sciences}
}

@techreport{hagberg2008exploring,
  title={Exploring network structure, dynamics, and function using NetworkX},
  author={Hagberg, Aric and Swart, Pieter and S Chult, Daniel},
  year={2008},
  institution={Los Alamos National Lab.(LANL), Los Alamos, NM (United States)}
}

@inproceedings{liu2019auto2,
  title={Auto-regressive Graph Generation Modeling with Improved Evaluation Methods},
  author={Liu, Chia-Cheng and Chan, Harris and Luk, Kevin and Borealis, AI},
  booktitle={33rd Conference on Neural Information Processing Systems. Vancouver, Canada},
  year={2019}
}

@article{makarov2021survey,
  title={Survey on graph embeddings and their applications to machine learning problems on graphs},
  author={Makarov, Ilya and Kiselev, Dmitrii and Nikitinsky, Nikita and Subelj, Lovro},
  journal={PeerJ Computer Science},
  volume={7},
  year={2021},
  publisher={PeerJ, Inc}
}

@article{kirsch2020meta,
  title={Meta Learning Backpropagation And Improving It},
  author={Kirsch, Louis and Schmidhuber, Jurgen},
  journal={arXiv preprint arXiv:2012.14905},
  year={2020}
}

@article{nvidia,
  title={NVIDIA Data Center Deep Learning Product Performance},
  author={NVIDIA},
  url={https://developer.nvidia.com/deep-learning-performance-training-inference},
  journal={nvidia.com},
  year={2021}
}


@article{goyal2017accurate,
  title={Accurate, large minibatch sgd: Training imagenet in 1 hour},
  author={Goyal, Priya and Dollar, Piotr and Girshick, Ross and Noordhuis, Pieter and Wesolowski, Lukasz and Kyrola, Aapo and Tulloch, Andrew and Jia, Yangqing and He, Kaiming},
  journal={arXiv preprint arXiv:1706.02677},
  year={2017}
}

@article{cho2014learning,
  title={Learning phrase representations using RNN encoder-decoder for statistical machine translation},
  author={Cho, Kyunghyun and Van Merrienboer, Bart and Gulcehre, Caglar and Bahdanau, Dzmitry and Bougares, Fethi and Schwenk, Holger and Bengio, Yoshua},
  journal={arXiv preprint arXiv:1406.1078},
  year={2014}
}

@article{cheng2017survey,
  title={A survey of model compression and acceleration for deep neural networks},
  author={Cheng, Yu and Wang, Duo and Zhou, Pan and Zhang, Tao},
  journal={arXiv preprint arXiv:1710.09282},
  year={2017}
}

@inproceedings{ratzlaff2019hypergan,
  title={Hypergan: A generative model for diverse, performant neural networks},
  author={Ratzlaff, Neale and Fuxin, Li},
  booktitle={International Conference on Machine Learning},
  pages={5361--5369},
  year={2019},
  organization={PMLR}
}

@inproceedings{li2020neural,
  title={Neural graph embedding for neural architecture search},
  author={Li, Wei and Gong, Shaogang and Zhu, Xiatian},
  booktitle={Proceedings of the AAAI Conference on Artificial Intelligence},
  volume={34},
  number={04},
  pages={4707--4714},
  year={2020}
}

@article{kuhn1955hungarian,
  title={The Hungarian method for the assignment problem},
  author={Kuhn, Harold W},
  journal={Naval research logistics quarterly},
  volume={2},
  number={1-2},
  pages={83--97},
  year={1955},
  publisher={Wiley Online Library}
}

@inproceedings{huang2016deep,
  title={Deep networks with stochastic depth},
  author={Huang, Gao and Sun, Yu and Liu, Zhuang and Sedra, Daniel and Weinberger, Kilian Q},
  booktitle={European conference on computer vision},
  pages={646--661},
  year={2016},
  organization={Springer}
}

@article{choi2019faster,
  title={Faster neural network training with data echoing},
  author={Choi, Dami and Passos, Alexandre and Shallue, Christopher J and Dahl, George E},
  journal={arXiv preprint arXiv:1907.05550},
  year={2019}
}

@article{brock2017freezeout,
  title={Freezeout: Accelerate training by progressively freezing layers},
  author={Brock, Andrew and Lim, Theodore and Ritchie, James M and Weston, Nick},
  journal={arXiv preprint arXiv:1706.04983},
  year={2017}
}

@inproceedings{yu2019parallel,
  title={Parallel restarted SGD with faster convergence and less communication: Demystifying why model averaging works for deep learning},
  author={Yu, Hao and Yang, Sen and Zhu, Shenghuo},
  booktitle={Proceedings of the AAAI Conference on Artificial Intelligence},
  volume={33},
  number={01},
  pages={5693--5700},
  year={2019}
}

@inproceedings{wichrowska2017learned,
  title={Learned optimizers that scale and generalize},
  author={Wichrowska, Olga and Maheswaranathan, Niru and Hoffman, Matthew W and Colmenarejo, Sergio Gomez and Denil, Misha and Freitas, Nando and Sohl-Dickstein, Jascha},
  booktitle={International Conference on Machine Learning},
  pages={3751--3760},
  year={2017},
  organization={PMLR}
}

@article{sifre2014rigid,
  title={Rigid-motion scattering for texture classification},
  author={Sifre, Laurent and Mallat, Stephane},
  journal={arXiv preprint arXiv:1403.1687},
  year={2014}
}

@article{zhang2019adam,
  title={Why adam beats sgd for attention models},
  author={Zhang, Jingzhao and Praneeth Karimireddy, Sai and Veit, Andreas and Kim, Seungyeon and Reddi, Sashank J and Kumar, Sanjiv and Sra, Suvrit},
  journal={arXiv e-prints},
  pages={arXiv--1912},
  year={2019}
}

@article{gomes2021meta,
  title={Meta Learning Black-Box Population-Based Optimizers},
  author={Gomes, Hugo Siqueira and Leger, Benjamin and Gagne, Christian},
  journal={arXiv preprint arXiv:2103.03526},
  year={2021}
}

@article{dauphin2019metainit,
  title={MetaInit: Initializing learning by learning to initialize},
  author={Dauphin, Yann and Schoenholz, Samuel S},
  year={2019}
}

@article{zhu2021gradinit,
  title={GradInit: Learning to initialize neural networks for stable and efficient training},
  author={Zhu, Chen and Ni, Renkun and Xu, Zheng and Kong, Kezhi and Huang, W Ronny and Goldstein, Tom},
  journal={arXiv preprint arXiv:2102.08098},
  year={2021}
}

@article{das2021data,
  title={Data-driven Weight Initialization with Sylvester Solvers},
  author={Das, Debasmit and Bhalgat, Yash and Porikli, Fatih},
  journal={arXiv preprint arXiv:2105.10335},
  year={2021}
}


@article{pytorchdetection,
    title={PyTorch Object Detection Finetuning Tutorial},
    author={PyTorch},
    url={https://pytorch.org/tutorials/intermediate/torchvision_tutorial.html},
    journal={PyTorch.org},
    year={2021}
}

@article{raghu2019transfusion,
  title={Transfusion: Understanding transfer learning for medical imaging},
  author={Raghu, Maithra and Zhang, Chiyuan and Kleinberg, Jon and Bengio, Samy},
  journal={arXiv preprint arXiv:1902.07208},
  year={2019}
}

@article{zhai2019large,
  title={A large-scale study of representation learning with the visual task adaptation benchmark},
  author={Zhai, Xiaohua and Puigcerver, Joan and Kolesnikov, Alexander and Ruyssen, Pierre and Riquelme, Carlos and Lucic, Mario and Djolonga, Josip and Pinto, Andre Susano and Neumann, Maxim and Dosovitskiy, Alexey and others},
  journal={arXiv preprint arXiv:1910.04867},
  year={2019}
}

@article{neyshabur2020being,
  title={What is being transferred in transfer learning?},
  author={Neyshabur, Behnam and Sedghi, Hanie and Zhang, Chiyuan},
  journal={arXiv preprint arXiv:2008.11687},
  year={2020}
}

@inproceedings{wang2007object,
  title={Object detection combining recognition and segmentation},
  author={Wang, Liming and Shi, Jianbo and Song, Gang and Shen, I-fan},
  booktitle={Asian conference on computer vision},
  pages={189--199},
  year={2007},
  organization={Springer}
}

@article{huh2016makes,
  title={What makes ImageNet good for transfer learning?},
  author={Huh, Minyoung and Agrawal, Pulkit and Efros, Alexei A},
  journal={arXiv preprint arXiv:1608.08614},
  year={2016}
}

@article{thompson2020building,
	title={Building LEGO Using Deep Generative Models of Graphs},
	author={Thompson, Rylee and Ghalebi, Elahe and DeVries, Terrance and Taylor, Graham W},
	journal={arXiv preprint arXiv:2012.11543},
	year={2020}
}

@article{anonymous2021HyperTransformer,
	title={HyperTransformer: Attention-Based CNN Model Generation from Few Samples},
	author={Anonymous},
	journal={ICLR 2020 submission, https://openreview.net/forum?id=E9z2A1-O7e},
	year={2021}
}