@inproceedings{liu2017attention,
  title={Attention Correctness in Neural Image Captioning.},
  author={Liu, Chenxi and Mao, Junhua and Sha, Fei and Yuille, Alan L},
  journal={arXiv preprint arXiv:1605.09553},
  booktitle={Proceedings of the Thirty-First AAAI Conference on Artificial Intelligence},
  year={2017}
}


@inproceedings{xu2018powerful,
	title={How Powerful are Graph Neural Networks?},
	author={Xu, Keyulu and Hu, Weihua and Leskovec, Jure and Jegelka, Stefanie},
	booktitle={International Conference on Learning	Representations (ICLR)},
	year={2019}
}


@inproceedings{velickovic2017graph,
	title={Graph attention networks},
	author={Velickovic, Petar and Cucurull, Guillem and Casanova, Arantxa and Romero, Adriana and Lio, Pietro and Bengio, Yoshua},
	booktitle={International Conference on Learning Representations (ICLR)},
	year={2018}
}

@inproceedings{vaswani2017attention,
	title={Attention is all you need},
	author={Vaswani, Ashish and Shazeer, Noam and Parmar, Niki and Uszkoreit, Jakob and Jones, Llion and Gomez, Aidan N and Kaiser, {\L}ukasz and Polosukhin, Illia},
	booktitle={Advances in Neural Information Processing Systems},
	pages={5998--6008},
	year={2017}
}

@article{park2016attentive,
	title={Attentive explanations: Justifying decisions and pointing to the evidence},
	author={Park, Dong Huk and Hendricks, Lisa Anne and Akata, Zeynep and Schiele, Bernt and Darrell, Trevor and Rohrbach, Marcus},
	journal={arXiv preprint arXiv:1612.04757},
	year={2016}
}


@inproceedings{zhang2018gaan,
	title={Gaan: Gated attention networks for learning on large and spatiotemporal graphs},
	author={Zhang, Jiani and Shi, Xingjian and Xie, Junyuan and Ma, Hao and King, Irwin and Yeung, Dit-Yan},
	journal={arXiv preprint arXiv:1803.07294},
	booktitle={UAI},
	year={2018}
}

@inproceedings{lee2018graph,
	title={Graph classification using structural attention},
	author={Lee, John Boaz and Rossi, Ryan and Kong, Xiangnan},
	booktitle={Proceedings of the 24th ACM SIGKDD International Conference on Knowledge Discovery \& Data Mining},
	pages={1666--1674},
	year={2018},
	organization={ACM}
}


@article{deac2018attentive,
	title={Attentive cross-modal paratope prediction},
	author={Deac, Andreea and Veli{\v{C}}kovi{\'c}, Petar and Sormanni, Pietro},
	journal={Journal of Computational Biology},
	year={2018},
	publisher={Mary Ann Liebert, Inc., publishers 140 Huguenot Street, 3rd Floor New~â€¦}
}

@article{lee2018attention,
	title={Attention models in graphs: A survey},
	author={Lee, John Boaz and Rossi, Ryan A and Kim, Sungchul and Ahmed, Nesreen K and Koh, Eunyee},
	journal={arXiv preprint arXiv:1807.07984},
	year={2018}
}

@article{dobson2003distinguishing,
	title={Distinguishing enzyme structures from non-enzymes without alignments},
	author={Dobson, Paul D and Doig, Andrew J},
	journal={Journal of molecular biology},
	volume={330},
	number={4},
	pages={771--783},
	year={2003},
	publisher={Elsevier}
}

@inproceedings{hendrycks2019benchmarking,
	title={Benchmarking neural network robustness to common corruptions and perturbations},
	author={Hendrycks, Dan and Dietterich, Thomas},
	journal={arXiv preprint arXiv:1903.12261},
	booktitle={International Conference on Learning	Representations (ICLR)},
	year={2019}
}

@inproceedings{dodge2017study,
	title={A study and comparison of human and deep learning recognition performance under visual distortions},
	author={Dodge, Samuel and Karam, Lina},
	booktitle={2017 26th international conference on computer communication and networks (ICCCN)},
	pages={1--7},
	year={2017},
	organization={IEEE}
}

@inproceedings{yanardag2015deep,
	title={Deep graph kernels},
	author={Yanardag, Pinar and Vishwanathan, SVN},
	booktitle={Proceedings of the 21th ACM SIGKDD International Conference on Knowledge Discovery and Data Mining},
	pages={1365--1374},
	year={2015},
	organization={ACM}
}

@inproceedings{glorot2010understanding,
	title={Understanding the difficulty of training deep feedforward neural networks},
	author={Glorot, Xavier and Bengio, Yoshua},
	booktitle={Proceedings of the thirteenth international conference on artificial intelligence and statistics},
	pages={249--256},
	year={2010}
}

@inproceedings{he2015delving,
	title={Delving deep into rectifiers: Surpassing human-level performance on imagenet classification},
	author={He, Kaiming and Zhang, Xiangyu and Ren, Shaoqing and Sun, Jian},
	booktitle={Proceedings of the IEEE international conference on computer vision},
	pages={1026--1034},
	year={2015}
}