@article{sylvain2020object,
  title={Object-Centric Image Generation from Layouts},
  author={Sylvain, Tristan and Zhang, Pengchuan and Bengio, Yoshua and Hjelm, R Devon and Sharma, Shikhar},
  journal={arXiv preprint arXiv:2003.07449},
  year={2020}
}

@article{mirza2014conditional,
  title={Conditional generative adversarial nets},
  author={Mirza, Mehdi and Osindero, Simon},
  journal={arXiv preprint arXiv:1411.1784},
  year={2014}
}

@inproceedings{odena2017conditional,
  title={Conditional image synthesis with auxiliary classifier gans},
  author={Odena, Augustus and Olah, Christopher and Shlens, Jonathon},
  booktitle={Proceedings of the 34th International Conference on Machine Learning-Volume 70},
  pages={2642--2651},
  year={2017},
  organization={JMLR. org}
}


@article{kocaoglu2017causalgan,
  title={Causal{GAN}: Learning causal implicit generative models with adversarial training},
  author={Kocaoglu, Murat and Snyder, Christopher and Dimakis, Alexandros G and Vishwanath, Sriram},
  journal={arXiv preprint arXiv:1709.02023},
  year={2017}
}

@inproceedings{lin2018conditional,
  title={Conditional image-to-image translation},
  author={Lin, Jianxin and Xia, Yingce and Qin, Tao and Chen, Zhibo and Liu, Tie-Yan},
  booktitle={Proceedings of the IEEE Conference on Computer Vision and Pattern Recognition},
  pages={5524--5532},
  year={2018}
}

@inproceedings{zhu2017unpaired,
  title={Unpaired image-to-image translation using cycle-consistent adversarial networks},
  author={Zhu, Jun-Yan and Park, Taesung and Isola, Phillip and Efros, Alexei A},
  booktitle={Proceedings of the IEEE international conference on computer vision},
  pages={2223--2232},
  year={2017}
}

@inproceedings{kim2017learning,
  title={Learning to discover cross-domain relations with generative adversarial networks},
  author={Kim, Taeksoo and Cha, Moonsu and Kim, Hyunsoo and Lee, Jung Kwon and Kim, Jiwon},
  booktitle={Proceedings of the 34th International Conference on Machine Learning-Volume 70},
  pages={1857--1865},
  year={2017},
  organization={JMLR. org}
}

@article{cubuk2018autoaugment,
  title={Autoaugment: Learning augmentation policies from data},
  author={Cubuk, Ekin D and Zoph, Barret and Mane, Dandelion and Vasudevan, Vijay and Le, Quoc V},
  journal={arXiv preprint arXiv:1805.09501},
  year={2018}
}

@article{devries2017improved,
  title={Improved regularization of convolutional neural networks with cutout},
  author={DeVries, Terrance and Taylor, Graham W},
  journal={arXiv preprint arXiv:1708.04552},
  year={2017}
}

@inproceedings{ratner2017learning,
  title={Learning to compose domain-specific transformations for data augmentation},
  author={Ratner, Alexander J and Ehrenberg, Henry and Hussain, Zeshan and Dunnmon, Jared and R{\'e}, Christopher},
  booktitle={Advances in neural information processing systems},
  pages={3236--3246},
  year={2017}
}

@article{damodaran2021understanding,
  title={Understanding the Role of Scene Graphs in Visual Question Answering},
  author={Damodaran, Vinay and Chakravarthy, Sharanya and Kumar, Akshay and Umapathy, Anjana and Mitamura, Teruko and Nakashima, Yuta and Garcia, Noa and Chu, Chenhui},
  journal={arXiv preprint arXiv:2101.05479},
  year={2021}
}

@inproceedings{shi2019explainable,
  title={Explainable and explicit visual reasoning over scene graphs},
  author={Shi, Jiaxin and Zhang, Hanwang and Li, Juanzi},
  booktitle={Proceedings of the IEEE Conference on Computer Vision and Pattern Recognition},
  pages={8376--8384},
  year={2019}
}

@inproceedings{heusel2017gans,
  title={Gans trained by a two time-scale update rule converge to a local nash equilibrium},
  author={Heusel, Martin and Ramsauer, Hubert and Unterthiner, Thomas and Nessler, Bernhard and Hochreiter, Sepp},
  booktitle={Advances in neural information processing systems},
  pages={6626--6637},
  year={2017}
}

@article{miyato2018spectral,
  title={Spectral normalization for generative adversarial networks},
  author={Miyato, Takeru and Kataoka, Toshiki and Koyama, Masanori and Yoshida, Yuichi},
  journal={arXiv preprint arXiv:1802.05957},
  year={2018}
}

@inproceedings{goodfellow2014generative,
  title={Generative adversarial nets},
  author={Goodfellow, Ian and Pouget-Abadie, Jean and Mirza, Mehdi and Xu, Bing and Warde-Farley, David and Ozair, Sherjil and Courville, Aaron and Bengio, Yoshua},
  booktitle={Advances in neural information processing systems},
  pages={2672--2680},
  year={2014}
}

@inproceedings{zhao2019image,
  title={Image generation from layout},
  author={Zhao, Bo and Meng, Lili and Yin, Weidong and Sigal, Leonid},
  booktitle={Proceedings of the IEEE Conference on Computer Vision and Pattern Recognition},
  pages={8584--8593},
  year={2019}
}


@article{krishna2017visual,
  title={Visual genome: Connecting language and vision using crowdsourced dense image annotations},
  author={Krishna, Ranjay and Zhu, Yuke and Groth, Oliver and Johnson, Justin and Hata, Kenji and Kravitz, Joshua and Chen, Stephanie and Kalantidis, Yannis and Li, Li-Jia and Shamma, David A and others},
  journal={International Journal of Computer Vision},
  volume={123},
  number={1},
  pages={32--73},
  year={2017},
  publisher={Springer}
}


@inproceedings{hong2018inferring,
  title={Inferring semantic layout for hierarchical text-to-image synthesis},
  author={Hong, Seunghoon and Yang, Dingdong and Choi, Jongwook and Lee, Honglak},
  booktitle={Proceedings of the IEEE Conference on Computer Vision and Pattern Recognition},
  pages={7986--7994},
  year={2018}
}

@inproceedings{ashual2019scenegeneration,
  title={Specifying Object Attributes and Relations in Interactive Scene Generation},
  author={Ashual, Oron and Wolf, Lior},
  booktitle={ICCV},
  year={2019}
}

@inproceedings{SPADE,
  title={Semantic image synthesis with spatially-adaptive normalization},
  author={Park, Taesung and Liu, Ming-Yu and Wang, Ting-Chun and Zhu, Jun-Yan},
  booktitle={Proceedings of the IEEE Conference on Computer Vision and Pattern Recognition},
  pages={2337--2346},
  year={2019}
}


@article{brock2018large,
  title={Large scale gan training for high fidelity natural image synthesis},
  author={Brock, Andrew and Donahue, Jeff and Simonyan, Karen},
  journal={arXiv preprint arXiv:1809.11096},
  year={2018}
}

@article{ravuri2019seeing,
  title={Seeing is not necessarily believing: Limitations of biggans for data augmentation},
  author={Ravuri, Suman and Vinyals, Oriol},
  year={2019}
}

@article{souly2017semi,
  title={Semi and weakly supervised semantic segmentation using generative adversarial network},
  author={Souly, Nasim and Spampinato, Concetto and Shah, Mubarak},
  journal={arXiv preprint arXiv:1703.09695},
  year={2017}
}

@inproceedings{sun2019image,
  title={Image synthesis from reconfigurable layout and style},
  author={Sun, Wei and Wu, Tianfu},
  booktitle={Proceedings of the IEEE International Conference on Computer Vision},
  pages={10531--10540},
  year={2019}
}

@article{bapst2019structured,
  title={Structured agents for physical construction},
  author={Bapst, Victor and Sanchez-Gonzalez, Alvaro and Doersch, Carl and Stachenfeld, Kimberly L and Kohli, Pushmeet and Battaglia, Peter W and Hamrick, Jessica B},
  journal={arXiv preprint arXiv:1904.03177},
  year={2019}
}

@article{keysers2019measuring,
  title={Measuring Compositional Generalization: A Comprehensive Method on Realistic Data},
  author={Keysers, Daniel and Sch{\"a}rli, Nathanael and Scales, Nathan and Buisman, Hylke and Furrer, Daniel and Kashubin, Sergii and Momchev, Nikola and Sinopalnikov, Danila and Stafiniak, Lukasz and Tihon, Tibor and others},
  journal={arXiv preprint arXiv:1912.09713},
  year={2019}
}

@inproceedings{lake2019compositional,
  title={Compositional generalization through meta sequence-to-sequence learning},
  author={Lake, Brenden M},
  booktitle={Advances in Neural Information Processing Systems},
  pages={9788--9798},
  year={2019}
}


@inproceedings{johnson2017clevr,
  title={Clevr: A diagnostic dataset for compositional language and elementary visual reasoning},
  author={Johnson, Justin and Hariharan, Bharath and van der Maaten, Laurens and Fei-Fei, Li and Lawrence Zitnick, C and Girshick, Ross},
  booktitle={Proceedings of the IEEE Conference on Computer Vision and Pattern Recognition},
  pages={2901--2910},
  year={2017}
}

@article{bahdanau2019closure,
  title={CLOSURE: Assessing Systematic Generalization of CLEVR Models},
  author={Bahdanau, Dzmitry and de Vries, Harm and O'Donnell, Timothy J and Murty, Shikhar and Beaudoin, Philippe and Bengio, Yoshua and Courville, Aaron},
  journal={arXiv preprint arXiv:1912.05783},
  year={2019}
}


@article{atzmon2016learning,
  title={Learning to generalize to new compositions in image understanding},
  author={Atzmon, Yuval and Berant, Jonathan and Kezami, Vahid and Globerson, Amir and Chechik, Gal},
  journal={arXiv preprint arXiv:1608.07639},
  year={2016}
}


@inproceedings{gu2019scene,
  title={Scene graph generation with external knowledge and image reconstruction},
  author={Gu, Jiuxiang and Zhao, Handong and Lin, Zhe and Li, Sheng and Cai, Jianfei and Ling, Mingyang},
  booktitle={Proceedings of the IEEE Conference on Computer Vision and Pattern Recognition},
  pages={1969--1978},
  year={2019}
}

@inproceedings{li2017scene,
  title={Scene graph generation from objects, phrases and region captions},
  author={Li, Yikang and Ouyang, Wanli and Zhou, Bolei and Wang, Kun and Wang, Xiaogang},
  booktitle={Proceedings of the IEEE International Conference on Computer Vision},
  pages={1261--1270},
  year={2017}
}

@article{devlin2018bert,
  title={Bert: Pre-training of deep bidirectional transformers for language understanding},
  author={Devlin, Jacob and Chang, Ming-Wei and Lee, Kenton and Toutanova, Kristina},
  journal={arXiv preprint arXiv:1810.04805},
  year={2018}
}

@article{petroni2019language,
  title={Language Models as Knowledge Bases?},
  author={Petroni, Fabio and Rockt{\"a}schel, Tim and Lewis, Patrick and Bakhtin, Anton and Wu, Yuxiang and Miller, Alexander H and Riedel, Sebastian},
  journal={arXiv preprint arXiv:1909.01066},
  year={2019}
}

@article{devries2017dataset,
  title={Dataset augmentation in feature space},
  author={DeVries, Terrance and Taylor, Graham W},
  journal={arXiv preprint arXiv:1702.05538},
  year={2017}
}

@article{zhang2017mixup,
  title={mixup: Beyond empirical risk minimization},
  author={Zhang, Hongyi and Cisse, Moustapha and Dauphin, Yann N and Lopez-Paz, David},
  journal={arXiv preprint arXiv:1710.09412},
  year={2017}
}

@article{verma2018manifold,
  title={Manifold mixup: Encouraging meaningful on-manifold interpolation as a regularizer},
  author={Verma, Vikas and Lamb, Alex and Beckham, Christopher and Courville, Aaron and Mitliagkis, Ioannis and Bengio, Yoshua},
  journal={stat},
  volume={1050},
  pages={13},
  year={2018}
}

@article{zhang2019bag,
  title={Bag of freebies for training object detection neural networks},
  author={Zhang, Zhi and He, Tong and Zhang, Hang and Zhang, Zhongyue and Xie, Junyuan and Li, Mu},
  journal={arXiv preprint arXiv:1902.04103},
  year={2019}
}

@article{mittal2019interactive,
  title={Interactive image generation using scene graphs},
  author={Mittal, Gaurav and Agrawal, Shubham and Agarwal, Anuva and Mehta, Sushant and Marwah, Tanya},
  journal={arXiv preprint arXiv:1905.03743},
  year={2019}
}

@inproceedings{pennington2014glove,
  title={Glove: Global vectors for word representation},
  author={Pennington, Jeffrey and Socher, Richard and Manning, Christopher D},
  booktitle={Proceedings of the 2014 conference on empirical methods in natural language processing (EMNLP)},
  pages={1532--1543},
  year={2014}
}

@article{radford2015unsupervised,
  title={Unsupervised representation learning with deep convolutional generative adversarial networks},
  author={Radford, Alec and Metz, Luke and Chintala, Soumith},
  journal={arXiv preprint arXiv:1511.06434},
  year={2015}
}

@inproceedings{chen2016infogan,
  title={Infogan: Interpretable representation learning by information maximizing generative adversarial nets},
  author={Chen, Xi and Duan, Yan and Houthooft, Rein and Schulman, John and Sutskever, Ilya and Abbeel, Pieter},
  booktitle={Advances in neural information processing systems},
  pages={2172--2180},
  year={2016}
}


@article{hildebrandt2020scene,
  title={Scene Graph Reasoning for Visual Question Answering},
  author={Hildebrandt, Marcel and Li, Hang and Koner, Rajat and Tresp, Volker and G{\"u}nnemann, Stephan},
  journal={arXiv preprint arXiv:2007.01072},
  year={2020}
}


@inproceedings{lee2019visual,
  title={Visual Question Answering over Scene Graph},
  author={Lee, Soohyeong and Kim, Ju-Whan and Oh, Youngmin and Jeon, Joo Hyuk},
  booktitle={2019 First International Conference on Graph Computing (GC)},
  pages={45--50},
  year={2019},
  organization={IEEE}
}

@article{arjovsky2019invariant,
  title={Invariant risk minimization},
  author={Arjovsky, Martin and Bottou, L{\'e}on and Gulrajani, Ishaan and Lopez-Paz, David},
  journal={arXiv preprint arXiv:1907.02893},
  year={2019}
}

@article{li2019know,
  title={Know more say less: Image captioning based on scene graphs},
  author={Li, Xiangyang and Jiang, Shuqiang},
  journal={IEEE Transactions on Multimedia},
  volume={21},
  number={8},
  pages={2117--2130},
  year={2019},
  publisher={IEEE}
}

@inproceedings{wang2019role,
  title={On the role of scene graphs in image captioning},
  author={Wang, Dalin and Beck, Daniel and Cohn, Trevor},
  booktitle={Proceedings of the Beyond Vision and LANguage: inTEgrating Real-world kNowledge (LANTERN)},
  pages={29--34},
  year={2019}
}

@article{milewski2020scene,
  title={Are scene graphs good enough to improve Image Captioning?},
  author={Milewski, Victor and Moens, Marie-Francine and Calixto, Iacer},
  journal={arXiv preprint arXiv:2009.12313},
  year={2020}
}

@inproceedings{schroeder2020structured,
  title={Structured Query-Based Image Retrieval Using Scene Graphs},
  author={Schroeder, Brigit and Tripathi, Subarna},
  booktitle={Proceedings of the IEEE/CVF Conference on Computer Vision and Pattern Recognition Workshops},
  pages={178--179},
  year={2020}
}

@inproceedings{zareian2020bridging,
  title={Bridging knowledge graphs to generate scene graphs},
  author={Zareian, Alireza and Karaman, Svebor and Chang, Shih-Fu},
  booktitle={European Conference on Computer Vision},
  pages={606--623},
  year={2020},
  organization={Springer}
}

@inproceedings{tripathi2019compact,
  title={Compact scene graphs for layout composition and patch retrieval},
  author={Tripathi, Subarna and Nittur Sridhar, Sharath and Sundaresan, Sairam and Tang, Hanlin},
  booktitle={Proceedings of the IEEE/CVF Conference on Computer Vision and Pattern Recognition Workshops},
  pages={0--0},
  year={2019}
}

@inproceedings{yan2020pcpl,
  title={PCPL: Predicate-Correlation Perception Learning for Unbiased Scene Graph Generation},
  author={Yan, Shaotian and Shen, Chen and Jin, Zhongming and Huang, Jianqiang and Jiang, Rongxin and Chen, Yaowu and Hua, Xian-Sheng},
  booktitle={Proceedings of the 28th ACM International Conference on Multimedia},
  pages={265--273},
  year={2020}
}

@inproceedings{lin2020gps,
  title={Gps-net: Graph property sensing network for scene graph generation},
  author={Lin, Xin and Ding, Changxing and Zeng, Jinquan and Tao, Dacheng},
  booktitle={Proceedings of the IEEE/CVF Conference on Computer Vision and Pattern Recognition},
  pages={3746--3753},
  year={2020}
}

@article{suhail2021energy,
  title={Energy-Based Learning for Scene Graph Generation},
  author={Suhail, Mohammed and Mittal, Abhay and Siddiquie, Behjat and Broaddus, Chris and Eledath, Jayan and Medioni, Gerard and Sigal, Leonid},
  journal={arXiv preprint arXiv:2103.02221},
  year={2021}
}

@inproceedings{shin2018medical,
  title={Medical image synthesis for data augmentation and anonymization using generative adversarial networks},
  author={Shin, Hoo-Chang and Tenenholtz, Neil A and Rogers, Jameson K and Schwarz, Christopher G and Senjem, Matthew L and Gunter, Jeffrey L and Andriole, Katherine P and Michalski, Mark},
  booktitle={International workshop on simulation and synthesis in medical imaging},
  pages={1--11},
  year={2018},
  organization={Springer}
}

@article{sandfort2019data,
  title={Data augmentation using generative adversarial networks (CycleGAN) to improve generalizability in CT segmentation tasks},
  author={Sandfort, Veit and Yan, Ke and Pickhardt, Perry J and Summers, Ronald M},
  journal={Scientific reports},
  volume={9},
  number={1},
  pages={1--9},
  year={2019},
  publisher={Nature Publishing Group}
}

@article{casanova2020generating,
  title={Generating unseen complex scenes: are we there yet?},
  author={Casanova, Arantxa and Drozdzal, Michal and Romero-Soriano, Adriana},
  journal={arXiv preprint arXiv:2012.04027},
  year={2020}
}

@inproceedings{raboh2020differentiable,
  title={Differentiable scene graphs},
  author={Raboh, Moshiko and Herzig, Roei and Berant, Jonathan and Chechik, Gal and Globerson, Amir},
  booktitle={Proceedings of the IEEE/CVF Winter Conference on Applications of Computer Vision},
  pages={1488--1497},
  year={2020}
}

@article{agarwal2020visual,
  title={Visual Relationship Detection using Scene Graphs: A Survey},
  author={Agarwal, Aniket and Mangal, Ayush and others},
  journal={arXiv preprint arXiv:2005.08045},
  year={2020}
}

@article{xu2020survey,
  title={A survey of scene graph: Generation and application},
  author={Xu, Pengfei and Chang, Xiaojun and Guo, Ling and Huang, Po-Yao and Chen, Xiaojiang and Hauptmann, Alexander G},
  year={2020}
}

@article{zareian2020learning,
  title={Learning Visual Commonsense for Robust Scene Graph Generation},
  author={Zareian, Alireza and You, Haoxuan and Wang, Zhecan and Chang, Shih-Fu},
  journal={arXiv preprint arXiv:2006.09623},
  year={2020}
}

@article{karras2020training,
  title={Training generative adversarial networks with limited data},
  author={Karras, Tero and Aittala, Miika and Hellsten, Janne and Laine, Samuli and Lehtinen, Jaakko and Aila, Timo},
  journal={arXiv preprint arXiv:2006.06676},
  year={2020}
}

@article{sun2020learning,
  title={Learning layout and style reconfigurable gans for controllable image synthesis},
  author={Sun, Wei and Wu, Tianfu},
  journal={arXiv preprint arXiv:2003.11571},
  year={2020}
}

@article{niu2020counterfactual,
  title={Counterfactual vqa: A cause-effect look at language bias},
  author={Niu, Yulei and Tang, Kaihua and Zhang, Hanwang and Lu, Zhiwu and Hua, Xian-Sheng and Wen, Ji-Rong},
  journal={arXiv preprint arXiv:2006.04315},
  year={2020}
}

@article{kynkaanniemi2019improved,
  title={Improved precision and recall metric for assessing generative models},
  author={Kynk{\"a}{\"a}nniemi, Tuomas and Karras, Tero and Laine, Samuli and Lehtinen, Jaakko and Aila, Timo},
  journal={arXiv preprint arXiv:1904.06991},
  year={2019}
}

@inproceedings{naeem2020reliable,
  title={Reliable fidelity and diversity metrics for generative models},
  author={Naeem, Muhammad Ferjad and Oh, Seong Joon and Uh, Youngjung and Choi, Yunjey and Yoo, Jaejun},
  booktitle={International Conference on Machine Learning},
  pages={7176--7185},
  year={2020},
  organization={PMLR}
}

@article{devries2020instance,
  title={Instance Selection for GANs},
  author={DeVries, Terrance and Drozdzal, Michal and Taylor, Graham W},
  journal={arXiv preprint arXiv:2007.15255},
  year={2020}
}

@inproceedings{verma2019manifold,
  title={Manifold mixup: Better representations by interpolating hidden states},
  author={Verma, Vikas and Lamb, Alex and Beckham, Christopher and Najafi, Amir and Mitliagkas, Ioannis and Lopez-Paz, David and Bengio, Yoshua},
  booktitle={International Conference on Machine Learning},
  pages={6438--6447},
  year={2019},
  organization={PMLR}
}

@inproceedings{
deng2021generative,
title={Generative Scene Graph Networks},
author={Fei Deng and Zhuo Zhi and Donghun Lee and Sungjin Ahn},
booktitle={International Conference on Learning Representations},
year={2021},
url={https://openreview.net/forum?id=RmcPm9m3tnk}
}

@article{greff2020binding,
  title={On the Binding Problem in Artificial Neural Networks},
  author={Greff, Klaus and van Steenkiste, Sjoerd and Schmidhuber, J{\"u}rgen},
  journal={arXiv preprint arXiv:2012.05208},
  year={2020}
}

@inproceedings{greff2019multi,
  title={Multi-object representation learning with iterative variational inference},
  author={Greff, Klaus and Kaufman, Rapha{\"e}l Lopez and Kabra, Rishabh and Watters, Nick and Burgess, Christopher and Zoran, Daniel and Matthey, Loic and Botvinick, Matthew and Lerchner, Alexander},
  booktitle={International Conference on Machine Learning},
  pages={2424--2433},
  year={2019},
  organization={PMLR}
}


@article{van2008visualizing,
  title={Visualizing data using t-SNE.},
  author={Van der Maaten, Laurens and Hinton, Geoffrey},
  journal={Journal of machine learning research},
  volume={9},
  number={11},
  year={2008}
}

@article{lu2019learning,
  title={Learning Effective Visual Relationship Detector on 1 GPU},
  author={Lu, Yichao and Chang, Cheng and Rai, Himanshu and Yu, Guangwei and Volkovs, Maksims},
  journal={arXiv preprint arXiv:1912.06185},
  year={2019}
}
 @article{lu2021multi,
  title={Multi-view Scene Graph Generation in Videos},
  author={Lu, Yichao and Chang, Cheng and Rai, Himanshu and Yu, Guangwei and Volkovs, Maksims},
  journal={International Challenge on Activity Recognition (ActivityNet) CVPR 2021 Workshop},
  year={2021}
}

@article{khandelwal2021segmentation,
  title={Segmentation-grounded Scene Graph Generation},
  author={Khandelwal, Siddhesh and Suhail, Mohammed and Sigal, Leonid},
  journal={arXiv preprint arXiv:2104.14207},
  year={2021}
}

@article{joshi2021investigation,
  title={An investigation of the (in) effectiveness of counterfactually augmented data},
  author={Joshi, Nitish and He, He},
  journal={arXiv preprint arXiv:2107.00753},
  year={2021}
}

@article{kaushik2019learning,
  title={Learning the difference that makes a difference with counterfactually-augmented data},
  author={Kaushik, Divyansh and Hovy, Eduard and Lipton, Zachary C},
  journal={arXiv preprint arXiv:1909.12434},
  year={2019}
}

@inproceedings{shetty2020towards,
  title={Towards automated testing and robustification by semantic adversarial data generation},
  author={Shetty, Rakshith and Fritz, Mario and Schiele, Bernt},
  booktitle={European Conference on Computer Vision},
  pages={489--506},
  year={2020},
  organization={Springer}
}

@inproceedings{dvornik2018modeling,
  title={Modeling visual context is key to augmenting object detection datasets},
  author={Dvornik, Nikita and Mairal, Julien and Schmid, Cordelia},
  booktitle={Proceedings of the European Conference on Computer Vision (ECCV)},
  pages={364--380},
  year={2018}
}

@inproceedings{ghiasi2021simple,
  title={Simple copy-paste is a strong data augmentation method for instance segmentation},
  author={Ghiasi, Golnaz and Cui, Yin and Srinivas, Aravind and Qian, Rui and Lin, Tsung-Yi and Cubuk, Ekin D and Le, Quoc V and Zoph, Barret},
  booktitle={Proceedings of the IEEE/CVF Conference on Computer Vision and Pattern Recognition},
  pages={2918--2928},
  year={2021}
}

@inproceedings{dwibedi2017cut,
  title={Cut, paste and learn: Surprisingly easy synthesis for instance detection},
  author={Dwibedi, Debidatta and Misra, Ishan and Hebert, Martial},
  booktitle={Proceedings of the IEEE International Conference on Computer Vision},
  pages={1301--1310},
  year={2017}
}

@inproceedings{tripathi2019learning,
  title={Learning to generate synthetic data via compositing},
  author={Tripathi, Shashank and Chandra, Siddhartha and Agrawal, Amit and Tyagi, Ambrish and Rehg, James M and Chari, Visesh},
  booktitle={Proceedings of the IEEE/CVF Conference on Computer Vision and Pattern Recognition},
  pages={461--470},
  year={2019}
}